% online manual misc
% @{,
%     title   =   "",
%     author  =   "",
%     url     =   "",
%     year    =   "",
% }

@manual{psoc,
    title =     "CY8CKIT-042 PSoC® 4 Pioneer Kit",
    author =    {{Cypress}},
    URL =       "http://www.cypress.com/documentation/development-kitsboards/cy8ckit-042-psoc-4-pioneer-kit"
}
    
@manual{interrupt,
    title =     "PSoC 4 Interrupt",
    author =    {{Cypress}},
    URL =       "http://www.cypress.com/documentation/component-datasheets/interrupt"
}
    
@manual{scb,
    title =     "PSoC 4 Serial Communication Block (SCB)",
    author =    {{Cypress}},
    URL =       "http://www.cypress.com/documentation/component-datasheets/psoc-4-serial-communication-block-scb"
}

@manual{uart,
    title =     "PSoC 4 Software Transmit UART (SW\_Tx\_UART)",
    author =    {{Cypress}},
    URL =       "http://www.cypress.com/documentation/component-datasheets/software-transmit-uart-swtxuart"
}

@manual{TSL2561,
    title =     "TSL2561 Light-to-digital converter",
    author =    {{TAOS inc.}},
    year    =   "2009",
    URL =       "https://cdn-shop.adafruit.com/datasheets/TSL2561.pdf"
}

@misc{dsb,
    title =     "F16 - E3DSB-01 Digital Signalbehandling [240501U177]",
    author =    "Lars G. Johansen",
    year =      "2016",
    url =       "http://kursuskatalog.au.dk/da/course/63850",
}

@misc{prj,
    title =     "F16 - E3PRJ3-02 Semesterprojekt 3 [240501U178]",
    author =    "Michael Alrøe",
    year =      "2016",
    url =       "http://kursuskatalog.au.dk/da/course/67926",
}

@misc{doa,
    title =     "F16 - I3DOA-01 Datastrukturer og algoritmer [24013PU074]",
    author =    "Troels Fedder Jensen",
    year =      "2016",
    url =       "http://kursuskatalog.au.dk/da/course/63847",
}

@misc{gfv,
    title =     "F16 - I3GFV-01 Grænseflader til den fysiske verden [24007PU053]",
    author =    "Michael Alrøe and Arne Justesen",
    year =      "2016",
    url =       "http://kursuskatalog.au.dk/da/course/63851",
}

@misc{hal,
    title =     "F16 - I3HAL-01 Hardware abstraktioner [24013PU075]",
    author =    "Peter Høgh Mikkelsen",
    year =      "2016",
    url =       "http://kursuskatalog.au.dk/da/course/63853",
    publisher = "Aarhus School of Engineering",
    institution = "Aarhus University"
}

@misc{isu,
    title =     "F16 - I3ISU-01 Indlejret softwareudvikling [24007PU054]",
    author =    "Søren Hansen",
    year =      "2016",
    url =       "http://kursuskatalog.au.dk/da/course/63848",
}

@misc{documentation,
    title =     "F16 - E3PRJ3 - Gruppe 1 - Dokumentation",
    author =    "Andreas Haase Schulz and Casper Dieu Le and Jeppe Stærk Antonsen and Kasper Hinkler Uldbjerg and Kimmie Mette Baggesen and  Simon Kristian Nejmann and Victor Busk",
    year =      "2016",
    url =       "-",
}

@misc{process,
    title =     "F16 - E3PRJ3 - Gruppe 1 - Procesrapport",
    author =    "Andreas Haase Schulz and Casper Dieu Le and Jeppe Stærk Antonsen and Kasper Hinkler Uldbjerg and Kimmie Mette Baggesen and  Simon Kristian Nejmann and Victor Busk",
    year =      "2016",
    url =       "-",
}

@misc{project,
    title =     "F16 - E3PRJ3 - Gruppe 1 - Projektrapport",
    author =    "Andreas Haase Schulz and Casper Dieu Le and Jeppe Stærk Antonsen and Kasper Hinkler Uldbjerg and Kimmie Mette Baggesen and  Simon Kristian Nejmann and Victor Busk",
    year =      "2016",
    url =       "-",
}

@manual{devkit,
    title   =   {DevKit8000 user manual\_en},
    auther  =   {{TimLL}},
    year    =   {2009},
    url     =   {https://redmine.iha.dk/devs/projects/devkit8000/wiki/Devkit8000},
}

@online{nokia,
    title   =   "PSoC 4 Pioneer Kit Community Project\#061 – Nokia 5110 LCD Interface",
    auther  =   "Matt",
    year    =   "2013",
    url     =   "https://www.element14.com/community/thread/26122/l/psoc-4-pioneer-kit-community-project061-nokia-5110-lcd-interface?displayFullThread=true",
}

@misc{biblatex,
    title   =   "The biblatex Package",
    auther  =   "Philipp Lehman",
    url     =   "https://sourceforge.net/projects/biblatex/",
    year    =   "2016",
}

@online{fifo,
    title   =   {FIFO (computing and electronics)},
    author  =   {{Wikipedia}},
    url     =   {https://en.wikipedia.org/wiki/FIFO_(computing_and_electronics)},
    year    =  {2016},
}

@manual{28BYJ-48-5V,
    title   =   "28BYJ-48-5V stepper motor",
    author  =   {{Kiatronics}},
    url     =   "http://www.sensors.co.nz/datasheet/28BYJ-48%20Stepper%20Motor.pdf",
    year    =   "2016",
}

@manual{DM1-01P-30-3,
    title   =   "DM1-01P-30-3 Micro Switch",
    author  =   {{Multicomp}},
    url     =   "http://www.farnell.com/datasheets/1662391.pdf",
    year    =   "2012",
}

@manual{HC-SR04,
    title   =   "Ultrasonic Ranging Module HC - SR04",
    author  =   {{Elec Freaks}},
    url     =   "http://www.micropik.com/PDF/HCSR04.pdf",
    year    =   "2016",
}

@manual{skriveVejledning,
    title   =   "Vejledning til dokumentation af semesterprojekter v1.0",
    author  =   {{Ingeniørhøjskolen Aarhus Universitet}},
    url     =   "https://bb.au.dk/bbcswebdav/pid-447613-dt-content-rid-983315_1/courses/BB-Cou-STADS-UUVA-52314/Files/Vejledning_til_dokumentation_af_semesterprojekter_v1.0.pdf",
    year    =   "2016",
}

@manual{HC-SR501,
    title   =   "HC-SR501 PIR MOTION DETECTOR",
    author  =   {{MPJA.com}},
    url     =   "https://www.mpja.com/download/31227sc.pdf",
    year    =   "2016",
}

@manual{L-154A4,
	title   =   "KINGBRIGHT L-154A4SUREQBFZGEW  LED",
	author  =   {{Kingbright}},
	url     =   "http://dk.farnell.com/kingbright/l-154a4sureqbfzgew/led-multicol-rgb-5mm-x-bright/dp/2290375",
	year    =   "2012",
}

@online{UML,
	title   =   "UML",
	author  =   {{Wikipedia}},
	url     =   "https://da.wikipedia.org/wiki/UML",
	year    =   "2014",
}

@online{SysML,
	title   =   "SysML",
	author  =   {{Wikipedia}},
	url     =   "https://en.wikipedia.org/wiki/Systems_Modeling_Language",
	year    =   "2016",
}

@misc{ise,
	title   =   "E15 - I2ISE-01 Indledende System Engineering [24007PU045]",
	author  =   "Kim Bjerge and Frank Bodholdt Jakobsen",
	url     =   "http://kursuskatalog.au.dk/da/course/56624",
	year    =   "2015",
}

@online{embedded,
	title   =   "Embedded stock",
	author  =   {{Elektronikværkstedet}},
	url     =   "http://10.29.0.30/EmbeddedStock/",
	year    =   "2016",
}

@online{ttl,
	title   =   "TTL logic Levels",
	author  =   {{Wikipedia}},
	url     =   "https://en.wikipedia.org/wiki/Logic_level#Logic_voltage_levels",
	year    =   "2016",
}

@online{qtvirtkey,
	title   =   "QVirtualKeyboard 0.2 code",
	author  =   {{The Free Software Foundation}},
	url     =   "http://sigmapic.free.fr/index.php?option=com_content&view=article&id=6&Itemid=7",
	year    =   "2011",
}

@online{4+1,
	title   =   "4+1 architectural view model",
	author  =   {{Wikipedia}},
	url     =   "https://en.wikipedia.org/wiki/4%2B1_architectural_view_model",
	year    =   "2016",
}

@online{viewmodel,
	title   =   "View Model",
	author  =   {{Wikipedia}},
	url     =   "https://en.wikipedia.org/wiki/View_model",
	year    =   "2016",
}

@online{scrum,
	title   =   "Scrum",
	author  =   {{Wikipedia}},
	url     =   "https://da.wikipedia.org/wiki/Scrum",
	year    =   "2015",
}

@online{kanban,
	title   =   "Kanban",
	author  =   {{Wikipedia}},
	url     =   "https://da.wikipedia.org/wiki/Kanban",
	year    =   "2015",
}

@online{moscow,
	title   =   "MoSCoW method",
	author  =   {{Wikipedia}},
	url     =   "https://en.wikipedia.org/wiki/MoSCoW_method",
	year    =   "2016",
}

@online{dk8000-addon,
	title   =   "Devkit8000 Add-on board pinbeskrivelser",
	author  =   {{Ingeniørhøjskolen Aarhus Universitet}},
	url     =   "https://redmine.iha.dk/devs/projects/devkit8000/wiki/AddonInterfaces",
	year    =   "2014",
}

@manual{prj3-oplaeg,
	title   =   "Semesterprojekt 3 Oplæg 20150128",
	author  =   {{Ingeniørhøjskolen Aarhus Universitet}},
	url     =   "https://bb.au.dk/bbcswebdav/pid-447611-dt-content-rid-857154_1/courses/BB-Cou-STADS-UUVA-52314/Files/Semesterprojekt%203%20Opl%C3%A6g%2020150128.pdf",
	year    =   "2015",
}

@manual{udviklingVejledning,
	title   =   "Vejledning til udviklingsprocessen for semesterprojekt 3 (PRJ3) v1.30",
	author  =   {{Ingeniørhøjskolen Aarhus Universitet}},
	url     =   "https://bb.au.dk/bbcswebdav/pid-447612-dt-content-rid-983316_1/courses/BB-Cou-STADS-UUVA-52314/Files/Vejledning_til_udviklingsprocessen_for_semesterprojekt_3_%28PRJ3%29_v1.30.pdf",
	year    =   "2016",
}

@manual{TCS230,
    title =     "TCS230 Programmable color light-to-frequency converter",
    author =    {{TAOS inc.}},
    year    =   "2003",
    URL =       "https://www.cl.cam.ac.uk/teaching/1011/P31/project/tcs230.pdf"
}

@manual{TEMT6000,
    title =     "TEMT6000 Ambient Light Sensor",
    author =    {{Vishay Semiconductors}},
    year    =   "2004",
    URL =       "https://www.sparkfun.com/datasheets/Sensors/Imaging/TEMT6000.pdf"
}

@misc{doxy-devkit,
    title =     "L.A.M.P - DevKit 8000. Genereret af Doxygen 1.8.11",
    author =    "Andreas Haase Schulz and Casper Dieu Le and Jeppe Stærk Antonsen and Kasper Hinkler Uldbjerg and Kimmie Mette Baggesen and  Simon Kristian Nejmann and Victor Busk",
    year =      "2016",
    url =       "-",
}

@misc{doxy-master,
    title =     "L.A.M.P - PSoC Master. Genereret af Doxygen 1.8.11",
    author =    "Andreas Haase Schulz and Casper Dieu Le and Jeppe Stærk Antonsen and Kasper Hinkler Uldbjerg and Kimmie Mette Baggesen and  Simon Kristian Nejmann and Victor Busk",
    year =      "2016",
    url =       "-",
}

@misc{doxy-xy,
    title =     "L.A.M.P - PSoC XY. Genereret af Doxygen 1.8.11",
    author =    "Andreas Haase Schulz and Casper Dieu Le and Jeppe Stærk Antonsen and Kasper Hinkler Uldbjerg and Kimmie Mette Baggesen and  Simon Kristian Nejmann and Victor Busk",
    year =      "2016",
    url =       "-",
}

@misc{doxy-z,
    title =     "L.A.M.P - PSoC Z. Genereret af Doxygen 1.8.11",
    author =    "Andreas Haase Schulz and Casper Dieu Le and Jeppe Stærk Antonsen and Kasper Hinkler Uldbjerg and Kimmie Mette Baggesen and  Simon Kristian Nejmann and Victor Busk",
    year =      "2016",
    url =       "-",
}

@misc{doxy-sensor,
    title =     "L.A.M.P - PSoC Sensor. Genereret af Doxygen 1.8.11",
    author =    "Andreas Haase Schulz and Casper Dieu Le and Jeppe Stærk Antonsen and Kasper Hinkler Uldbjerg and Kimmie Mette Baggesen and  Simon Kristian Nejmann and Victor Busk",
    year =      "2016",
    url =       "-",
}

